<record><leader>00000cas a22000007a 4500</leader><controlfield tag="001">12541010</controlfield><controlfield tag="008">850912d18711875iauwr ne      0    0eng d</controlfield><datafield ind1=" " ind2=" " tag="010"><subfield code="a">sn 85049784 </subfield></datafield><datafield ind1=" " ind2=" " tag="040"><subfield code="a">INP</subfield><subfield code="b">eng</subfield><subfield code="c">INP</subfield><subfield code="d">OCLCQ</subfield></datafield><datafield ind1=" " ind2=" " tag="042"><subfield code="a">msc</subfield></datafield><datafield ind1="0" ind2="4" tag="245"><subfield code="a">The Ottumwa Democrat.</subfield></datafield><datafield ind1=" " ind2=" " tag="260"><subfield code="a">Ottumwa, Iowa :</subfield><subfield code="b">Sam. B. Evans,</subfield><subfield code="c">1871-1875.</subfield></datafield><datafield ind1=" " ind2=" " tag="300"><subfield code="a">5 v. :</subfield><subfield code="b">ill. ;</subfield><subfield code="c">53 cm.</subfield></datafield><datafield ind1=" " ind2=" " tag="310"><subfield code="a">Weekly</subfield></datafield><datafield ind1="0" ind2=" " tag="362"><subfield code="a">Vol. 4, no. 1 (Jan. 5, 1871)-v. 8, no. 45 (Nov. 4, 1875).</subfield></datafield><datafield ind1=" " ind2=" " tag="525"><subfield code="a">Includes occasional supplements.</subfield></datafield><datafield ind1=" " ind2=" " tag="752"><subfield code="a">United States</subfield><subfield code="b">Iowa</subfield><subfield code="c">Wapello</subfield><subfield code="d">Ottumwa.</subfield></datafield><datafield ind1="0" ind2="0" tag="780"><subfield code="t">Copper head (Ottumwa, Iowa)</subfield><subfield code="w">(DLC)sn 85049783</subfield></datafield><datafield ind1="0" ind2="0" tag="785"><subfield code="t">Weekly Ottumwa Democrat</subfield><subfield code="w">(DLC)sn 84038411</subfield></datafield></record>